<?xml version="1.0" encoding="UTF-8"?><collection xmlns="http://www.loc.gov/MARC21/slim"><record><leader>00407nam--2200133-i-4500</leader><controlfield tag="001">000007277</controlfield><controlfield tag="002">20161230</controlfield><controlfield tag="005">20161230201027</controlfield><controlfield tag="008">060222s1000------------r-----000-0-eng-d</controlfield><datafield ind1=" " ind2=" " tag="080"><subfield code="a">..</subfield></datafield><datafield ind1=" " ind2=" " tag="245"><subfield code="a">Cables pour frequences radioelectriques: vol.la:prescriptions generales et methods de mesure</subfield></datafield><datafield ind1=" " ind2=" " tag="260"><subfield code="a">Geneva,Commission Electrotechnique Internatio Nale,1961-1964.7p</subfield></datafield><datafield ind1=" " ind2=" " tag="490"><subfield code="a">Publication</subfield></datafield><datafield ind1=" " ind2=" " tag="852"><subfield code="a">21938</subfield></datafield></record></collection>